%% This BibTeX bibliography file was created using BibDesk.
%% http://bibdesk.sourceforge.net/
% Encoding: UTF-8

@misc{original-paper,
    author = {Basili, Roberto and Serafini, Alfredo and Stellato, Armando},
    year = {2004},
    month = {01},
    pages = {},
    title = {Classification of musical genre: a machine learning approach.}
}


@misc{gtzan,
    author= {Olteanu, Andrada},
    title = {GTZAN Dataset},
    year = {2020},
    version = {1},
    publisher = {Kaggle},
    howpublished = {\url{https://www.kaggle.com/datasets/andradaolteanu/gtzan-dataset-music-genre-classification?resource=download-directory}}
}


@misc{music-paper,
    author = {Fabbri, Franco},
    title = {Browsing Music Spaces: Categories And The Musical Mind},
    year = {2007},
    howpublished = {\url{http://www.mediamusicstudies.net/tagg/others/ /ffabbri9907.html}}
}


@misc{chollet2015keras,
    title={Keras},
    author={Chollet, Fran\c{c}ois and others},
    year={2015},
    howpublished={\url{https://keras.io}}
}


@misc{project-repository,
    title={Comparison of ML models for musical genre classification},
    author={Pirillo, Alberto},
    year={2023},
    publisher={GitHub},
    howpublished={\url{https://github.com/albertopirillo/naml-project-2023}},
}


@misc{vfi,
    title={Voting Feature Intervals - Python},
    author={Aridas, Christos},
    year={2019},
    publisher={GitHub},
    howpublished={\url{https://github.com/chkoar/vfi}}
}


@article{scikit-learn,
    title={Scikit-learn: Machine Learning in {P}ython},
    author={Pedregosa, F. and Varoquaux, G. and Gramfort, A. and Michel, V.
         and Thirion, B. and Grisel, O. and Blondel, M. and Prettenhofer, P.
         and Weiss, R. and Dubourg, V. and Vanderplas, J. and Passos, A. and
         Cournapeau, D. and Brucher, M. and Perrot, M. and Duchesnay, E.},
    journal={Journal of Machine Learning Research},
    volume={12},
    pages={2825--2830},
    year={2011}
}


@misc{pps,
    author       = {Wetschoreck, Florian and Krabel, Tobias and Krishnamurthy, Surya},
    title        = {8080labs/ppscore: zenodo release},
    month        = oct,
    year         = 2020,
    publisher    = {Zenodo},
    version      = {1.1.2},
    doi          = {10.5281/zenodo.4091345},
    howpublished = {\url{https://doi.org/10.5281/zenodo.4091345}}
}
